@article{Bauer:2013fn,
author = {Bauer, Andrej and Pretnar, Matija},
title = {{An Effect System for Algebraic Effects and Handlers}},
journal = {arXiv.org},
year = {2013},
eprint = {1306.6316v3},
eprinttype = {arxiv}
}

@article{Plotkin:2003jl,
author = {Plotkin, Gordon and Power, John},
journal = {Applied Categorical Structures},
year = {2003}
}

@article{Pretnar:2015dt,
author = {Pretnar, Matija},
title = {{An Introduction to Algebraic Effects and Handlers. Invited tutorial paper}},
journal = {Electronic Notes in Theoretical Computer Science},
year = {2015}
}

@article{Power:2001cu,
author = {Power, John},
title = {{Models for the computational $\lambda$-calculus}},
journal = {Electronic Notes in Theoretical Computer Science},
year = {2001}
}

@incollection{Plotkin:2009dr,
author = {Plotkin, Gordon and Pretnar, Matija},
title = {{Handlers of Algebraic Effects}},
booktitle = {Programming Languages and Systems},
year = {2009}
}

@inproceedings{Leijen:2017hz,
author = {Leijen, Daan},
title = {{Structured asynchrony with algebraic effects}},
booktitle = {the 2nd ACM SIGPLAN International Workshop},
year = {2017}
}

@incollection{Plotkin:2002dw,
author = {Plotkin, Gordon and Power, John},
title = {{Notions of Computation Determine Monads}},
booktitle = {Programming Languages and Systems},
year = {2002}
}

@inproceedings{Kiselyov:2015fr,
author = {Kiselyov, Oleg and Ishii, Hiromi},
title = {{Freer monads, more extensible effects}},
booktitle = {the 8th ACM SIGPLAN Symposium},
year = {2015}
}

@inproceedings{moggi1989computational,
  title={Computational lambda-calculus and monads},
  author={Moggi, Eugenio},
  booktitle={Logic in Computer Science, 1989. LICS'89, Proceedings., Fourth Annual Symposium on},
  pages={14--23},
  year={1989},
  organization={IEEE}
}

@article{moggi1991notions,
  title={Notions of computation and monads},
  author={Moggi, Eugenio},
  journal={Information and computation},
  volume={93},
  number={1},
  pages={55--92},
  year={1991},
  publisher={Elsevier}
}

@inproceedings{Marino:2008hx,
author = {Marino, Daniel and Millstein, Todd},
title = {{A generic type-and-effect system}},
booktitle = {the 4th international workshop},
year = {2008}
}

@article{Lindley:2016vz,
author = {Lindley, Sam and McBride, Conor and McLaughlin, Craig},
title={Do Be Do. In: POPL'2017. ACM, New York, pp. 500-514. ISBN 9781450346603, http://dx. doi. org/10.1145/3009837.3009897},
journal = {arXiv.org},
year = {2016},
eprint = {1611.09259v1},
eprinttype = {arxiv}
}

@article{Plotkin:2001jr,
author = {Plotkin, Gordon and Power, John},
title = {{Semantics for Algebraic Operations}},
journal = {Electronic Notes in Theoretical Computer Science},
year = {2001}
}

@inproceedings{Dolan:2017,
  title={Concurrent System Programming with Effect Handlers},
  author={Dolan, Stephen and Eliopoulos, Spiros and Hillerstr{\"o}m, Daniel and Madhavapeddy, Anil and Sivaramakrishnan, KC and White, Leo},
  booktitle={Proceedings of the Symposium on Trends in Functional Programming},
  year={2017}
}

@inproceedings{wadler1990,
  title={Comprehending monads},
  author={Wadler, Philip},
  booktitle={Proceedings of the 1990 ACM conference on LISP and functional programming},
  pages={61--78},
  year={1990},
  organization={ACM}
}

@article{wadler2003marriage,
  title={The marriage of effects and monads},
  author={Wadler, Philip and Thiemann, Peter},
  journal={ACM Transactions on Computational Logic (TOCL)},
  volume={4},
  number={1},
  pages={1--32},
  year={2003},
  publisher={ACM}
}

@article{wadler1994monads,
  title={Monads and composable continuations},
  author={Wadler, Philip},
  journal={Lisp and Symbolic Computation},
  volume={7},
  number={1},
  pages={39--55},
  year={1994},
  publisher={Springer}
}

@article{leijen:16,
  author = {Leijen, Daan},
  title = {Algebraic Effects for Functional Programming},
  booktitle = {},
  year = {2016},
  month = {August},
  publisher = {},
  url = {https://www.microsoft.com/en-us/research/publication/algebraic-effects-for-functional-programming/},
  address = {},
  pages = {15},
  journal = {},
  volume = {},
  chapter = {},
  isbn = {},
}

@inproceedings{plotkin2001adequacy,
  title={Adequacy for algebraic effects},
  author={Plotkin, Gordon and Power, John},
  booktitle={Foundations of Software Science and Computation Structures},
  pages={1--24},
  year={2001},
  organization={Springer}
}

@inproceedings{PeytonJones:1993,
 author = {Peyton Jones, Simon L. and Wadler, Philip},
 title = {Imperative Functional Programming},
 booktitle = {Proceedings of the 20th ACM SIGPLAN-SIGACT Symposium on Principles of Programming Languages},
 series = {POPL '93},
 year = {1993},
 isbn = {0-89791-560-7},
 location = {Charleston, South Carolina, USA},
 pages = {71--84},
 numpages = {14},
 url = {http://doi.acm.org/10.1145/158511.158524},
 doi = {10.1145/158511.158524},
 acmid = {158524},
 publisher = {ACM},
 address = {New York, NY, USA},
}

@book{barr1990category,
  title={Category theory for computing science},
  author={Barr, Michael and Wells, Charles},
  volume={1},
  year={1990},
  publisher={Prentice Hall New York}
}

@article{bauer2015programming,
  title={Programming with algebraic effects and handlers},
  author={Bauer, Andrej and Pretnar, Matija},
  journal={Journal of Logical and Algebraic Methods in Programming},
  volume={84},
  number={1},
  pages={108--123},
  year={2015},
  publisher={Elsevier}
}

@inproceedings{plotkin2009handlers,
  title={Handlers of algebraic effects},
  author={Plotkin, Gordon and Pretnar, Matija},
  booktitle={European Symposium on Programming},
  pages={80--94},
  year={2009},
  organization={Springer}
}

@inproceedings{wadler1995monads,
  title={Monads for functional programming},
  author={Wadler, Philip},
  booktitle={International School on Advanced Functional Programming},
  pages={24--52},
  year={1995},
  organization={Springer}
}

@inproceedings{dolan2015effective,
  title={Effective concurrency through algebraic effects},
  author={Dolan, Stephen and White, Leo and Sivaramakrishnan, K and Yallop, Jeremy and Madhavapeddy, Anil},
  booktitle={OCaml Workshop},
  year={2015}
}

@inproceedings{wadler1990comprehending,
  title={Comprehending monads},
  author={Wadler, Philip},
  booktitle={Proceedings of the 1990 ACM conference on LISP and functional programming},
  pages={61--78},
  year={1990},
  organization={ACM}
}

@inproceedings{leijen2017type,
  title={Type directed compilation of row-typed algebraic effects.},
  author={Leijen, Daan},
  booktitle={POPL},
  pages={486--499},
  year={2017}
}

@article{hyland2007category,
  title={The category theoretic understanding of universal algebra: Lawvere theories and monads},
  author={Hyland, Martin and Power, John},
  journal={Electronic Notes in Theoretical Computer Science},
  volume={172},
  pages={437--458},
  year={2007},
  publisher={Elsevier}
}
